@article{giglio2003,
  title={An enhanced contextual fire detection algorithm for MODIS},
  author={Giglio, Louis and Descloitres, Jacques and Justice, Chris O. and Kaufman, Yoram J.},
  journal={Remote Sensing of Environment},
  volume={87},
  number={2-3},
  pages={273--282},
  year={2003}
}

@article{key2006,
  title={Landscape assessment: Remote sensing of severity, the Normalized Burn Ratio},
  author={Key, Carl H. and Benson, Nathan C.},
  journal={USGS Rocky Mountain Research Station},
  year={2006}
}

@article{miller2007,
  title={Quantifying burn severity with a relative version of the delta Normalized Burn Ratio (dNBR)},
  author={Miller, Jay D. and Thode, Andrea E.},
  journal={Remote Sensing of Environment},
  volume={109},
  number={1},
  pages={66--80},
  year={2007}
}

@article{roy2005,
  title={The MODIS burn algorithm product},
  author={Roy, David P. and Boschetti, Luigi and Justice, Chris O. and Ju, Jianguo},
  journal={Remote Sensing of Environment},
  volume={97},
  number={2},
  pages={137--162},
  year={2005}
}

@article{hansen2013,
  title={High-resolution global maps of 21st-century forest cover change},
  author={Hansen, Matthew C. and Potapov, Peter V. and Moore, Robert and Hancher, Matt and Turubanova, Svetlana A. and Tyukavina, Alexandra and Thau, David and Stehman, Stephen V. and Goetz, Scott J. and Loveland, Thomas R.},
  journal={Science},
  volume={342},
  number={6160},
  pages={850--853},
  year={2013}
}

@article{andela2017,
  title={A human-driven decline in global burned area},
  author={Andela, Niels and Morton, Douglas C. and Giglio, Louis and Paugam, Renaud and Chen, Yufang and van der Werf, Guido R. and Kasibhatla, Prasad S. and DeFries, Ruth S. and Collatz, G. James and Hantson, Stijn and others},
  journal={Science},
  volume={356},
  number={6345},
  pages={1356--1362},
  year={2017}
}

@article{aragao2014,
  title={21st Century drought-related fires counteract the decline of Amazon deforestation carbon emissions},
  author={Arag{\~a}o, Luiz EO C and Anderson, Lorraine O and Fonseca, Marina G and Rosan, Tiago M and Vedovato, Luciana B and Wagner, Fabien H and Silva, Carlos VA and Silva Junior, Celso H L and Arai, Egidio and Aguiar, Ana P D and others},
  journal={Nature Communications},
  volume={5},
  pages={3714},
  year={2014}
}

@article{fraser2003,
  title={AVHRR-based hotspot detections: Potential for monitoring fire situation in Canada},
  author={Fraser, R. H. and Li, Z. and Cihlar, J.},
  journal={Remote Sensing of Environment},
  volume={84},
  number={2},
  pages={141--152},
  year={2003}
}

@article{pereira2020,
  title={Assessment of wildfire impacts on land cover using Sentinel-2 imagery},
  author={Pereira, João M. C. and Fonseca, Alberto M. and others},
  journal={Remote Sensing},
  volume={12},
  number={9},
  pages={1527},
  year={2020}
}

@article{tanase2015,
  title={Detecting vegetation changes using radar satellite image time series},
  author={Tanase, Mihai A. and Santoro, Maurizio and Noblet, Marion and Le Toan, Thuy},
  journal={Remote Sensing of Environment},
  volume={170},
  pages={74--85},
  year={2015}
}

@article{silva2019,
  title={The role of fire disturbance in the carbon dynamics of Amazonian forests},
  author={Silva, Carlos VA and Aragão, Luiz EO C and Anderson, Lorraine O and others},
  journal={Global Change Biology},
  volume={25},
  number={8},
  pages={2674--2688},
  year={2019}
}

@article{cochrane2003,
  title={Fire science for rainforests},
  author={Cochrane, Mark A.},
  journal={Nature},
  volume={421},
  number={6926},
  pages={913--919},
  year={2003}
}

@article{chuvieco2010,
  title={Integration of satellite data and fire models for global fire monitoring},
  author={Chuvieco, Emilio and Giglio, Louis and Justice, Chris O.},
  journal={International Journal of Wildland Fire},
  volume={19},
  number={7},
  pages={825--842},
  year={2010}
}
